|0000|006|0|||18012023|18012023|EMPRESA FATURA PRA CARAMBA|36293264000128|RJ|3302403||00|2|
|0001|0|
|0100|Contador João|12312312399|CRC1516165161|12123123012399|29700000|Rua Sem Nome|s/n|Complemento|Bairro|2777775555|2777775555|email@email.com|0000000|
|0110|1|1|1|1|
|0111|10000|0|100000|0|110000|
|0120|122020||
|0140|000001|TESTE ESTABELECIMENTO|00011223000111|SP|123456456123|3512345|||
|0145|1|10000|5000|1||
|0150|c2b890d6-bd8c-4cf2-b5b8-6c1c781b331f|João da Silva|1|12123123000199|12345678901|0IE0001234567A|3302403||Rua Qualquer|S/N|Complemento|Bairro|
|0150|d1f0ef95-2d1d-4b08-8406-18f285761a83|João da Silva|1|12123123000199|12345678901|0IE0001234567A|3302403||Rua Qualquer|S/N|Complemento|Bairro|
|0150|bb73c3a4-4e40-4cf6-932f-1b36956b040c|João da Silva|1|12123123000199|12345678901|0IE0001234567A|3302403||Rua Qualquer|S/N|Complemento|Bairro|
|0190|un|Unidade|
|0190|kg|Kilograma|
|0190|m|Metro|
|0190|cx|Caixa|
|0190|kwh|Kilowatts/hora|
|0200|CODIGO ITEM|Descrição do item|CODIGO DE BARRAS|CODIGO ANTERIOR|un|00|88888889|001|80||17|
|0205|Descricao anterior|18012023|18012023|CODIGO ANTERIOR|
|0205|Descricao anterior 2|18012023|18012023|CODIGO ANTERIOR 2|
|0205|Descricao anterior 3|18012023|18012023|CODIGO ANTERIOR 3|
|0206|CodigoComb|
|0208|01|01|MARCA|
|0200|CODIGO ITEM|Descrição do item|CODIGO DE BARRAS|CODIGO ANTERIOR|un|00|88888889|001|80||17|
|0205|Descricao anterior|18012023|18012023|CODIGO ANTERIOR|
|0205|Descricao anterior 2|18012023|18012023|CODIGO ANTERIOR 2|
|0205|Descricao anterior 3|18012023|18012023|CODIGO ANTERIOR 3|
|0206|CodigoComb|
|0208|01|01|MARCA|
|0200|CODIGO ITEM|Descrição do item|CODIGO DE BARRAS|CODIGO ANTERIOR|un|00|88888889|001|80||17|
|0205|Descricao anterior|18012023|18012023|CODIGO ANTERIOR|
|0205|Descricao anterior 2|18012023|18012023|CODIGO ANTERIOR 2|
|0205|Descricao anterior 3|18012023|18012023|CODIGO ANTERIOR 3|
|0206|CodigoComb|
|0208|01|01|MARCA|
|0400|1|Vendas|
|0400|2|Industrialização|
|0400|3|Devolução|
|0450|COD1|Texto da informação complementar|
|0450|COD2|Texto da informação complementar 2|
|0500|18012023|01|S|1|cod conta|Nome da conta|||
|0500|18012023|02|A|1|cod conta 2|Nome da conta 2|||
|0990|42|
|A001|0|
|A010|36293264000128|
|A100||1|F00001|00|1||12345678|012345678901234567890123456789012345678901234567890123456789|18012023|18012023|1000|0|0|1000|16,5|1000|36,5|0|0|50|
|A120|1000|1000|16,5|18012023|1000|36,5|18012023|0|
|A170|1|000000001|Descrição Complementar|1000|0||0|01|1000|1,65|1000|01|1000|3,65|36,5|010101|01|
|A990|6|
|C001|0|
|C010|36.293.264/0001-28|2|
|C100|1|0|0001|55|00|1|1|12345678901234567890123456789012345678901234|18012023||100|0|0|10|100|0|0|50|0|100|18|55|0|0|50|100|50|0|
|C110|123|Texto complementar|
|C111|123|1|
|C120|0|123|50|100|123|
|C170|123|123|descr compl|123,123|un|123,12|12,12|0|000|5102|123|123,12|18|12,12|123,12|1,09|12,12|0|03|999|123,12|9,9|12,12|04|123,12|15|123,1|1|12,12|01|123,12|5,5|123,1|10,1|123,12|0001|
|C175|5102|100|0|01|100|1,65|0|0|1,65|01|100|3,65|0|0|3,65|0123456|Info Complementar|
|C100|1|0|0001|55|00|1|1|12345678901234567890123456789012345678901234|18012023||100|0|0|10|100|0|0|50|0|100|18|55|0|0|50|100|50|0|
|C110|123|Texto complementar|
|C111|123|1|
|C120|0|123|50|100|123|
|C170|123|123|descr compl|123,123|un|123,12|12,12|0|000|5102|123|123,12|18|12,12|123,12|1,09|12,12|0|03|999|123,12|9,9|12,12|04|123,12|15|123,1|1|12,12|01|123,12|5,5|123,1|10,1|123,12|0001|
|C175|5102|100|0|01|100|1,65|0|0|1,65|01|100|3,65|0|0|3,65|0123456|Info Complementar|
|C180|55|18012023|18012023|000001|12345678||100|
|C181|01|5102|100|0|100|1,65|0|0|1,65|64646464|
|C185|01|5102|100|0|100|3,65|0|0|3,65|64646464|
|C188|123|1|
|C190|55|18012023|18012023|000001|12345678||100|
|C191|F000001|01|5102|100|0|100|1,65|0|0|1,65|321654|
|C195|F000001|01|5102|100|0|100|3,65|0|0|3,65|321654|
|C198|123|1|
|C199|0|123|0|0|123|
|C395|59|F000001|1||123|18012023|100|
|C500|F00002|29|00|1||12345|18012023|18012023|100|18|123|1,65|3,65||
|C501|01|100|012222|100|1,65|1,65|123456|
|C505|01|100|012222|100|3,65|3,65|123456|
|C509|123|1|
|C990|29|
|D001|0|
|D010|36.293.264/0001-28|
|D100|0|1|F000001|57||1||12345678|12345678901234567890123456789012345678901234|18012023|18012023|||100|0|9|0|100|18|0||0123456789|
|D101|2|100|01|0001|100|1,65|1,65|000001|
|D105|2|100|01|0001|100|3,65|3,65|000001|
|D111|123456|1|
|D100|0|1|F000001|57||1||12345678|12345678901234567890123456789012345678901234|18012023|18012023|||100|0|9|0|100|18|0||0123456789|
|D101|2|100|01|0001|100|1,65|1,65|000001|
|D105|2|100|01|0001|100|3,65|3,65|000001|
|D111|123456|1|
|D500|0|1|F00003|21|00|1||12345|18012023|18012023|100|0|0|0|0|0|100|18|123|1,65|3,65|
|D501|01|100|0001|100|1,65|1,65|000001|
|D505|01|100|0001|100|3,65|3,65|000001|
|D509|123456|1|
|D990|15|
|F001|0|
|F010|36293264000128|
|F100|0|C000001|01010101|18012023|100|01|100|1,65|1,65|01|100|3,65|3,65|001|0|0123456|01||
|F111|0123456|1|
|F120||06|0|1|100|100||100|1,65|1,65|01|100|3,65|3,65|0123456|01||
|F129|0123456|1|
|F500|0|01|0|100|1,65|1,65|01|0|100|3,65|3,65|55|1202|012345||
|F509|0123456|1|
|F525|100|01|36.293.264/000|0123456|0123456|0|01|01||0123456|
|F550|0|01|0|100|1,65|1,65|01|0|100|3,65|3,65|55|1202|012345||
|F560|0|01|0|0|0|0|01|0|0|0|0|55|1202|0123456||
|F569|0123456|1|
|F600|05|18012023|0|0|001|1|16932651000340|0|0|1|
|F990|14|
|M001|0|
|M100|001|0|100|1,65|0|0|1,65|0|0|0|0|0|0|100|
|M105|001|01|1,65||0|1,65|0|0|TESTE|
|M110|0|0|01|0123456|TESTE AJUSTES|18012023|
|M200|0|0|0|0|0|0|0|0|0|0|0|0|
|M205|01|012345|0|
|M210|01|0|1000|1,65|0|0|0|0|0|0|0|0|
|M211|99|100|100|100|100|
|M220|0|1000|010|001012|Teste|18012023|
|M225|50|01|1000|1,1|18012023|Desc Ajustes|010101|Teste Info Compl.|
|M230|16200121000116|0|0|0|0|010|
|M300|01|100|01|0|0|122020|18012023|
|M350|5000|50000|5000|5|5000|
|M400|01|10000|0101010|TESTE|
|M410|010|10000|0101010|TESTE|
|M500|001|0|100|3,65|0|0|3,65|0|0|0|0|0|0|100|
|M505|001|01|0||0|100|0|0|TESTE|
|M510|0|0|01|0123456|TESTE AJUSTES|18012023|
|M600|0|0|0|0|0|0|0|0|0|0|0|0|
|M605|01|012345|100|
|M610|01|0|1000|3,65|0|0|0|0|0|0|0|0|
|M700|01|100|01|0|0|122020|18012023|
|M800|01|0|010101|TESTE|
|M810|010|100|010101|TESTE|
|M990|25|
|P001|0|
|P010|00000000000101|
|P100|18012023|18012023|0|12345678|0|0|0|0|0|010101|Texto Complementar|
|P110|01|01234567|100|Teste complementar|
|P199|0123456|1|
|P200|122020|0|0|0|0|012345|
|P220|0|0|01|012345|Teste de Ajuste|18012023|
|P990|8|
|1001|0|
|1010|0123456|1|1|99|Descrição Dec. Jud.|18012023|
|1020|0123456|99|18012023|
|1100|122020|01|00000123000340|001|0|0|0|0|0|0|0|0|0|0||0|0|
|1101|C000001|010101|55|1||0123456|18012023|0123456789 0123456789 0123456789 0123456789 0123|0|5102|0101|0|01|0|1,65|0|010101|01|Desc. Complementar|0|00000121000113|
|1500|122020|01|00000123000340|001|0|0|0|0|0|0|0|0|0|0||0|0|
|1501|C000001|010101|55|1||0123456|18012023|0123456789 0123456789 0123456789 0123456789 0123|0|5102|0101|0|01|0|1,65|0|010101|01|Desc. Complementar|0|00000121000113|
|1900|00000001000116|55|1||00|0|0|01|01|1102|Complementar do Caralho|010101|
|1990|9|
|9001|0|
|9900|0000|1|
|9900|0001|1|
|9900|0100|1|
|9900|0110|1|
|9900|0111|1|
|9900|0120|1|
|9900|0140|1|
|9900|0145|1|
|9900|0150|3|
|9900|0190|5|
|9900|0200|3|
|9900|0205|9|
|9900|0206|3|
|9900|0208|3|
|9900|0400|3|
|9900|0450|2|
|9900|0500|2|
|9900|0990|1|
|9900|A001|1|
|9900|A010|1|
|9900|A100|1|
|9900|A120|1|
|9900|A170|1|
|9900|A990|1|
|9900|C001|1|
|9900|C010|1|
|9900|C100|2|
|9900|C110|2|
|9900|C111|2|
|9900|C120|2|
|9900|C170|2|
|9900|C175|2|
|9900|C180|1|
|9900|C181|1|
|9900|C185|1|
|9900|C188|1|
|9900|C190|1|
|9900|C191|1|
|9900|C195|1|
|9900|C198|1|
|9900|C199|1|
|9900|C395|1|
|9900|C500|1|
|9900|C501|1|
|9900|C505|1|
|9900|C509|1|
|9900|C990|1|
|9900|D001|1|
|9900|D010|1|
|9900|D100|2|
|9900|D101|2|
|9900|D105|2|
|9900|D111|2|
|9900|D500|1|
|9900|D501|1|
|9900|D505|1|
|9900|D509|1|
|9900|D990|1|
|9900|F001|1|
|9900|F010|1|
|9900|F100|1|
|9900|F111|1|
|9900|F120|1|
|9900|F129|1|
|9900|F500|1|
|9900|F509|1|
|9900|F525|1|
|9900|F550|1|
|9900|F560|1|
|9900|F569|1|
|9900|F600|1|
|9900|F990|1|
|9900|M001|1|
|9900|M100|1|
|9900|M105|1|
|9900|M110|1|
|9900|M200|1|
|9900|M205|1|
|9900|M210|1|
|9900|M211|1|
|9900|M220|1|
|9900|M225|1|
|9900|M230|1|
|9900|M300|1|
|9900|M350|1|
|9900|M400|1|
|9900|M410|1|
|9900|M500|1|
|9900|M505|1|
|9900|M510|1|
|9900|M600|1|
|9900|M605|1|
|9900|M610|1|
|9900|M700|1|
|9900|M800|1|
|9900|M810|1|
|9900|M990|1|
|9900|P001|1|
|9900|P010|1|
|9900|P100|1|
|9900|P110|1|
|9900|P199|1|
|9900|P200|1|
|9900|P220|1|
|9900|P990|1|
|9900|1001|1|
|9900|1010|1|
|9900|1020|1|
|9900|1100|1|
|9900|1101|1|
|9900|1500|1|
|9900|1501|1|
|9900|1900|1|
|9900|1990|1|
|9900|9001|1|
|9900|9900|118|
|9900|9990|1|
|9900|9999|1|
|9990|121|
|9999|269|
