|0000|012|0|06032018|06032018|Globomar Comercial Ltda|36293264000128||RJ|84257443|3302403|||A|0|
|0001|0|
|0005|Nome fantasia|29700000|Rua Sem Nome|s/n|Complemento|Bairro|2777775555|2777775555|email@email.com|
|0015|RJ|IESUBSTITUTORJ|
|0015|MG|IESUBSTITUTOMG|
|0015|SP|IESUBSTITUTOSP|
|0100|Contador João|12312312399|CRC1516165161|12123123012399|29700000|Rua Sem Nome|s/n|Complemento|Bairro|2777775555|2777775555|email@email.com|0000000|
|0150|9d2cc9a8-764e-4c2b-a794-cf0fa42ec871|João da Silva|1|12123123000199|12345678901|0IE0001234567A|3302403||Rua Qualquer|S/N|Complemento|Bairro|
|0175|06032018|03|Joana da silva|
|0175|06032018|10|Rua Sem Nome|
|0150|c046d2da-de8d-47a2-a7f5-27967a1748e1|João da Silva|1|12123123000199|12345678901|0IE0001234567A|3302403||Rua Qualquer|S/N|Complemento|Bairro|
|0175|06032018|03|Joana da silva|
|0175|06032018|10|Rua Sem Nome|
|0150|7f4feb16-b023-4da9-818d-d4c999247b68|João da Silva|1|12123123000199|12345678901|0IE0001234567A|3302403||Rua Qualquer|S/N|Complemento|Bairro|
|0175|06032018|03|Joana da silva|
|0175|06032018|10|Rua Sem Nome|
|0190|un|Unidade|
|0190|kg|Kilograma|
|0190|m|Metro|
|0190|cx|Caixa|
|0190|kwh|Kilowatts/hora|
|0200|CODIGO ITEM|Descrição do item|CODIGO DE BARRAS|CODIGO ANTERIOR|un|00|88888889|001|80||17||
|0205|Descricao anterior|06032018|06032018|CODIGO ANTERIOR|
|0205|Descricao anterior 2|06032018|06032018|CODIGO ANTERIOR 2|
|0205|Descricao anterior 3|06032018|06032018|CODIGO ANTERIOR 3|
|0206|CodigoComb|
|0210|123456|124,252|perda|
|0210|654321|321,654|perda2|
|0220|cx|12|
|0220|kg|1000|
|0200|CODIGO ITEM|Descrição do item|CODIGO DE BARRAS|CODIGO ANTERIOR|un|00|88888889|001|80||17||
|0205|Descricao anterior|06032018|06032018|CODIGO ANTERIOR|
|0205|Descricao anterior 2|06032018|06032018|CODIGO ANTERIOR 2|
|0205|Descricao anterior 3|06032018|06032018|CODIGO ANTERIOR 3|
|0206|CodigoComb|
|0210|123456|124,252|perda|
|0210|654321|321,654|perda2|
|0220|cx|12|
|0220|kg|1000|
|0200|CODIGO ITEM|Descrição do item|CODIGO DE BARRAS|CODIGO ANTERIOR|un|00|88888889|001|80||17||
|0205|Descricao anterior|06032018|06032018|CODIGO ANTERIOR|
|0205|Descricao anterior 2|06032018|06032018|CODIGO ANTERIOR 2|
|0205|Descricao anterior 3|06032018|06032018|CODIGO ANTERIOR 3|
|0206|CodigoComb|
|0210|123456|124,252|perda|
|0210|654321|321,654|perda2|
|0220|cx|12|
|0220|kg|1000|
|0300|Cod ind bem|1|Descr item|Cod prnc|COD CONTA CONTABIL|3|
|0305|Cod ccus|Func|12|
|0300|Cod ind bem|1|Descr item|Cod prnc|COD CONTA CONTABIL|3|
|0305|Cod ccus|Func|12|
|0300|Cod ind bem|1|Descr item|Cod prnc|COD CONTA CONTABIL|3|
|0305|Cod ccus|Func|12|
|0400|1|Vendas|
|0400|2|Industrialização|
|0400|3|Devolução|
|0450|COD1|Texto da informação complementar|
|0450|COD2|Texto da informação complementar 2|
|0460|COD1|Texto da observação|
|0460|COD2|Texto da observação 2|
|0500|06032018|01|S|1|cod conta|Nome da conta|
|0500|06032018|02|A|1|cod conta 2|Nome da conta 2|
|0600|06032018|codigo centro custo|nome centro custo|
|0600|06032018|codigo centro custo 2|nome centro custo 2|
|0990|66|
|C001|0|
|C100|1|0|0001|55|00|1|1|12345678901234567890123456789012345678901234|06032018|||0||10|100|0||99|30|100||55||20|50|100|50|123,99|
|C101|10,25|15,26|20,27|
|C105|0|SP|
|C110|123|Texto complementar|
|C111|123456789012345|0|
|C111|123456789012345|0|
|C111|123456789012345|0|
|C112|1|ES|num DA|Cod aut|88|06032018|06032018|
|C112|1|ES|num DA|Cod aut|88|06032018|06032018|
|C112|1|ES|num DA|Cod aut|88|06032018|06032018|
|C113|0|1|0001|16|1|1|123|06032018|33180336293264000128550010000000171507577876|
|C113|0|1|0001|16|1|1|123|06032018|33180336293264000128550010000000171507577876|
|C113|0|1|0001|16|1|1|123|06032018|33180336293264000128550010000000171507577876|
|C114|55|FAB000000000000000001|1|123|06032018|
|C114|55|FAB000000000000000001|1|123|06032018|
|C114|55|FAB000000000000000001|1|123|06032018|
|C110|123|Texto complementar|
|C111|123456789012345|0|
|C111|123456789012345|0|
|C111|123456789012345|0|
|C112|1|ES|num DA|Cod aut|88|06032018|06032018|
|C112|1|ES|num DA|Cod aut|88|06032018|06032018|
|C112|1|ES|num DA|Cod aut|88|06032018|06032018|
|C113|0|1|0001|16|1|1|123|06032018|33180336293264000128550010000000171507577876|
|C113|0|1|0001|16|1|1|123|06032018|33180336293264000128550010000000171507577876|
|C113|0|1|0001|16|1|1|123|06032018|33180336293264000128550010000000171507577876|
|C114|55|FAB000000000000000001|1|123|06032018|
|C114|55|FAB000000000000000001|1|123|06032018|
|C114|55|FAB000000000000000001|1|123|06032018|
|C110|123|Texto complementar|
|C111|123456789012345|0|
|C111|123456789012345|0|
|C111|123456789012345|0|
|C112|1|ES|num DA|Cod aut|88|06032018|06032018|
|C112|1|ES|num DA|Cod aut|88|06032018|06032018|
|C112|1|ES|num DA|Cod aut|88|06032018|06032018|
|C113|0|1|0001|16|1|1|123|06032018|33180336293264000128550010000000171507577876|
|C113|0|1|0001|16|1|1|123|06032018|33180336293264000128550010000000171507577876|
|C113|0|1|0001|16|1|1|123|06032018|33180336293264000128550010000000171507577876|
|C114|55|FAB000000000000000001|1|123|06032018|
|C114|55|FAB000000000000000001|1|123|06032018|
|C114|55|FAB000000000000000001|1|123|06032018|
|C170|123|123|descr compl|123,123|un|123,12|12,12|0|000|6101|123|123,12|18|12,12|123,12|1,09|12,12|0|03|999|123,12|9,9|12,12|04|123,12|15|123,1|1|12,12|01|123,12|5,5|123,1|10,1|123,12|0001|
|C176|00|123|1|06032018|0001|12,12|12,12|12,12||1|12,12|12,12|12,12|12,12|12,12|12,12|1|9||||12|1|1||
|C176|00|123|1|06032018|0001|12,12|12,12|12,12||1|12,12|12,12|12,12|12,12|12,12|12,12|1|9||||12|1|1||
|C176|00|123|1|06032018|0001|12,12|12,12|12,12||1|12,12|12,12|12,12|12,12|12,12|12,12|1|9||||12|1|1||
|C170|123|123|descr compl|123,123|un|123,12|12,12|0|000|6101|123|123,12|18|12,12|123,12|1,09|12,12|0|03|999|123,12|9,9|12,12|04|123,12|15|123,1|1|12,12|01|123,12|5,5|123,1|10,1|123,12|0001|
|C176|00|123|1|06032018|0001|12,12|12,12|12,12||1|12,12|12,12|12,12|12,12|12,12|12,12|1|9||||12|1|1||
|C176|00|123|1|06032018|0001|12,12|12,12|12,12||1|12,12|12,12|12,12|12,12|12,12|12,12|1|9||||12|1|1||
|C176|00|123|1|06032018|0001|12,12|12,12|12,12||1|12,12|12,12|12,12|12,12|12,12|12,12|1|9||||12|1|1||
|C170|123|123|descr compl|123,123|un|123,12|12,12|0|000|6101|123|123,12|18|12,12|123,12|1,09|12,12|0|03|999|123,12|9,9|12,12|04|123,12|15|123,1|1|12,12|01|123,12|5,5|123,1|10,1|123,12|0001|
|C176|00|123|1|06032018|0001|12,12|12,12|12,12||1|12,12|12,12|12,12|12,12|12,12|12,12|1|9||||12|1|1||
|C176|00|123|1|06032018|0001|12,12|12,12|12,12||1|12,12|12,12|12,12|12,12|12,12|12,12|1|9||||12|1|1||
|C176|00|123|1|06032018|0001|12,12|12,12|12,12||1|12,12|12,12|12,12|12,12|12,12|12,12|1|9||||12|1|1||
|C190|000|1101|3,3|123,12|123,12||123,12||123,12|123,12|123|
|C190|000|1101|3,3|123,12|123,12||123,12||123,12|123,12|123|
|C190|000|1101|3,3|123,12|123,12||123,12||123,12|123,12|123|
|C195|123|texto compl|
|C197|adfad     |descre lajl jadl|123|123,12|17|123,12|12,12|
|C197|adfad     |descre lajl jadl|123|123,12|17|123,12|12,12|
|C197|adfad     |descre lajl jadl|123|123,12|17|123,12|12,12|
|C195|123|texto compl|
|C197|adfad     |descre lajl jadl|123|123,12|17|123,12|12,12|
|C197|adfad     |descre lajl jadl|123|123,12|17|123,12|12,12|
|C197|adfad     |descre lajl jadl|123|123,12|17|123,12|12,12|
|C195|123|texto compl|
|C197|adfad     |descre lajl jadl|123|123,12|17|123,12|12,12|
|C197|adfad     |descre lajl jadl|123|123,12|17|123,12|12,12|
|C197|adfad     |descre lajl jadl|123|123,12|17|123,12|12,12|
|C100|1|0|0001|55|00|1|1|12345678901234567890123456789012345678901234|06032018|||0||10|100|0||99|30|100||55||20|50|100|50|123,99|
|C101|10,25|15,26|20,27|
|C105|0|SP|
|C110|123|Texto complementar|
|C111|123456789012345|0|
|C111|123456789012345|0|
|C111|123456789012345|0|
|C112|1|ES|num DA|Cod aut|88|06032018|06032018|
|C112|1|ES|num DA|Cod aut|88|06032018|06032018|
|C112|1|ES|num DA|Cod aut|88|06032018|06032018|
|C113|0|1|0001|16|1|1|123|06032018|33180336293264000128550010000000171507577876|
|C113|0|1|0001|16|1|1|123|06032018|33180336293264000128550010000000171507577876|
|C113|0|1|0001|16|1|1|123|06032018|33180336293264000128550010000000171507577876|
|C114|55|FAB000000000000000001|1|123|06032018|
|C114|55|FAB000000000000000001|1|123|06032018|
|C114|55|FAB000000000000000001|1|123|06032018|
|C110|123|Texto complementar|
|C111|123456789012345|0|
|C111|123456789012345|0|
|C111|123456789012345|0|
|C112|1|ES|num DA|Cod aut|88|06032018|06032018|
|C112|1|ES|num DA|Cod aut|88|06032018|06032018|
|C112|1|ES|num DA|Cod aut|88|06032018|06032018|
|C113|0|1|0001|16|1|1|123|06032018|33180336293264000128550010000000171507577876|
|C113|0|1|0001|16|1|1|123|06032018|33180336293264000128550010000000171507577876|
|C113|0|1|0001|16|1|1|123|06032018|33180336293264000128550010000000171507577876|
|C114|55|FAB000000000000000001|1|123|06032018|
|C114|55|FAB000000000000000001|1|123|06032018|
|C114|55|FAB000000000000000001|1|123|06032018|
|C110|123|Texto complementar|
|C111|123456789012345|0|
|C111|123456789012345|0|
|C111|123456789012345|0|
|C112|1|ES|num DA|Cod aut|88|06032018|06032018|
|C112|1|ES|num DA|Cod aut|88|06032018|06032018|
|C112|1|ES|num DA|Cod aut|88|06032018|06032018|
|C113|0|1|0001|16|1|1|123|06032018|33180336293264000128550010000000171507577876|
|C113|0|1|0001|16|1|1|123|06032018|33180336293264000128550010000000171507577876|
|C113|0|1|0001|16|1|1|123|06032018|33180336293264000128550010000000171507577876|
|C114|55|FAB000000000000000001|1|123|06032018|
|C114|55|FAB000000000000000001|1|123|06032018|
|C114|55|FAB000000000000000001|1|123|06032018|
|C170|123|123|descr compl|123,123|un|123,12|12,12|0|000|6101|123|123,12|18|12,12|123,12|1,09|12,12|0|03|999|123,12|9,9|12,12|04|123,12|15|123,1|1|12,12|01|123,12|5,5|123,1|10,1|123,12|0001|
|C176|00|123|1|06032018|0001|12,12|12,12|12,12||1|12,12|12,12|12,12|12,12|12,12|12,12|1|9||||12|1|1||
|C176|00|123|1|06032018|0001|12,12|12,12|12,12||1|12,12|12,12|12,12|12,12|12,12|12,12|1|9||||12|1|1||
|C176|00|123|1|06032018|0001|12,12|12,12|12,12||1|12,12|12,12|12,12|12,12|12,12|12,12|1|9||||12|1|1||
|C170|123|123|descr compl|123,123|un|123,12|12,12|0|000|6101|123|123,12|18|12,12|123,12|1,09|12,12|0|03|999|123,12|9,9|12,12|04|123,12|15|123,1|1|12,12|01|123,12|5,5|123,1|10,1|123,12|0001|
|C176|00|123|1|06032018|0001|12,12|12,12|12,12||1|12,12|12,12|12,12|12,12|12,12|12,12|1|9||||12|1|1||
|C176|00|123|1|06032018|0001|12,12|12,12|12,12||1|12,12|12,12|12,12|12,12|12,12|12,12|1|9||||12|1|1||
|C176|00|123|1|06032018|0001|12,12|12,12|12,12||1|12,12|12,12|12,12|12,12|12,12|12,12|1|9||||12|1|1||
|C170|123|123|descr compl|123,123|un|123,12|12,12|0|000|6101|123|123,12|18|12,12|123,12|1,09|12,12|0|03|999|123,12|9,9|12,12|04|123,12|15|123,1|1|12,12|01|123,12|5,5|123,1|10,1|123,12|0001|
|C176|00|123|1|06032018|0001|12,12|12,12|12,12||1|12,12|12,12|12,12|12,12|12,12|12,12|1|9||||12|1|1||
|C176|00|123|1|06032018|0001|12,12|12,12|12,12||1|12,12|12,12|12,12|12,12|12,12|12,12|1|9||||12|1|1||
|C176|00|123|1|06032018|0001|12,12|12,12|12,12||1|12,12|12,12|12,12|12,12|12,12|12,12|1|9||||12|1|1||
|C190|000|1101|3,3|123,12|123,12||123,12||123,12|123,12|123|
|C190|000|1101|3,3|123,12|123,12||123,12||123,12|123,12|123|
|C190|000|1101|3,3|123,12|123,12||123,12||123,12|123,12|123|
|C195|123|texto compl|
|C197|adfad     |descre lajl jadl|123|123,12|17|123,12|12,12|
|C197|adfad     |descre lajl jadl|123|123,12|17|123,12|12,12|
|C197|adfad     |descre lajl jadl|123|123,12|17|123,12|12,12|
|C195|123|texto compl|
|C197|adfad     |descre lajl jadl|123|123,12|17|123,12|12,12|
|C197|adfad     |descre lajl jadl|123|123,12|17|123,12|12,12|
|C197|adfad     |descre lajl jadl|123|123,12|17|123,12|12,12|
|C195|123|texto compl|
|C197|adfad     |descre lajl jadl|123|123,12|17|123,12|12,12|
|C197|adfad     |descre lajl jadl|123|123,12|17|123,12|12,12|
|C197|adfad     |descre lajl jadl|123|123,12|17|123,12|12,12|
|C990|140|
|D001|1|
|D990|2|
|E001|0|
|E100|06032018|06032018|
|E110|2000|3000|4000|5000|6000|7000|8000|9000|10000|11000|12000|13000|14000|15000|
|E100|06032018|06032018|
|E110|2000|3000|4000|5000|6000|7000|8000|9000|10000|11000|12000|13000|14000|15000|
|E100|06032018|06032018|
|E110|2000|3000|4000|5000|6000|7000|8000|9000|10000|11000|12000|13000|14000|15000|
|E100|06032018|06032018|
|E110|2000|3000|4000|5000|6000|7000|8000|9000|10000|11000|12000|13000|14000|15000|
|E100|06032018|06032018|
|E110|2000|3000|4000|5000|6000|7000|8000|9000|10000|11000|12000|13000|14000|15000|
|E990|12|
|G001|1|
|G990|2|
|H001|1|
|H990|2|
|K001|1|
|K990|2|
|1001|1|
|1990|2|
|9001|0|
|9900|0000|1|
|9900|0001|1|
|9900|0005|1|
|9900|0015|3|
|9900|0100|1|
|9900|0150|3|
|9900|0175|6|
|9900|0190|5|
|9900|0200|3|
|9900|0205|9|
|9900|0206|3|
|9900|0210|6|
|9900|0220|6|
|9900|0300|3|
|9900|0305|3|
|9900|0400|3|
|9900|0450|2|
|9900|0460|2|
|9900|0500|2|
|9900|0600|2|
|9900|0990|1|
|9900|C001|1|
|9900|C100|2|
|9900|C101|2|
|9900|C105|2|
|9900|C110|6|
|9900|C111|18|
|9900|C112|18|
|9900|C113|18|
|9900|C114|18|
|9900|C170|6|
|9900|C176|18|
|9900|C190|6|
|9900|C195|6|
|9900|C197|18|
|9900|C990|1|
|9900|D001|1|
|9900|D990|1|
|9900|E001|1|
|9900|E100|5|
|9900|E110|5|
|9900|E990|1|
|9900|G001|1|
|9900|G990|1|
|9900|H001|1|
|9900|H990|1|
|9900|K001|1|
|9900|K990|1|
|9900|1001|1|
|9900|1990|1|
|9900|9001|1|
|9900|9900|54|
|9900|9990|1|
|9900|9999|1|
|9990|57|
|9999|285|
